<?xml version="1.0" encoding="UTF-8"?><record xmlns="http://www.loc.gov/MARC21/slim" xmlns:cinclude="http://apache.org/cocoon/include/1.0" xmlns:zs="http://www.loc.gov/zing/srw/">
  <leader>00508cz  a2200133n  4500</leader>
  <controlfield tag="001">n 2005170176</controlfield>
  <controlfield tag="003">DLC</controlfield>
  <controlfield tag="005">20050210143052.0</controlfield>
  <controlfield tag="008">050210n| acannaabn          |a aaa      </controlfield>
  <datafield tag="010" ind1=" " ind2=" ">
    <subfield code="a">n 2005170176</subfield>
  </datafield>
  <datafield tag="040" ind1=" " ind2=" ">
    <subfield code="a">DLC</subfield>
    <subfield code="b">eng</subfield>
    <subfield code="c">DLC</subfield>
  </datafield>
  <datafield tag="100" ind1="1" ind2=" ">
    <subfield code="a">Flanders, Alvan,</subfield>
    <subfield code="d">1825-1894</subfield>
  </datafield>
  <datafield tag="510" ind1="1" ind2=" ">
    <subfield code="a">Washington Territory.</subfield>
    <subfield code="b">Governor (1869-1870 : Flanders)</subfield>
  </datafield>
  <datafield tag="670" ind1=" " ind2=" ">
    <subfield code="a">NUCMC data from Washington State Archives for His Papers, 1869-1870</subfield>
    <subfield code="b">(Alvan Flanders, b. Hopkins, N.H., 1825; d. San Francisco, 1894; Governor of Wash. Terr. 1869-1870)</subfield>
  </datafield>
</record>